%YAML 1.1
%TAG !u! tag:unity3d.com,2011:
--- !u!29 &1
OcclusionCullingSettings:
  m_ObjectHideFlags: 0
  serializedVersion: 2
  m_OcclusionBakeSettings:
    smallestOccluder: 5
    smallestHole: 0.25
    backfaceThreshold: 100
  m_SceneGUID: 00000000000000000000000000000000
  m_OcclusionCullingData: {fileID: 0}
--- !u!104 &2
RenderSettings:
  m_ObjectHideFlags: 0
  serializedVersion: 9
  m_Fog: 0
  m_FogColor: {r: 0.5, g: 0.5, b: 0.5, a: 1}
  m_FogMode: 3
  m_FogDensity: 0.01
  m_LinearFogStart: 0
  m_LinearFogEnd: 300
  m_AmbientSkyColor: {r: 0.09473228, g: 0.09473228, b: 0.09473228, a: 1}
  m_AmbientEquatorColor: {r: 0.114, g: 0.125, b: 0.133, a: 1}
  m_AmbientGroundColor: {r: 0.047, g: 0.043, b: 0.035, a: 1}
  m_AmbientIntensity: 1
  m_AmbientMode: 3
  m_SubtractiveShadowColor: {r: 0.42, g: 0.478, b: 0.627, a: 1}
  m_SkyboxMaterial: {fileID: 2100000, guid: d9a12ffaaa5dd67418211def4dfaee9a, type: 2}
  m_HaloStrength: 0.5
  m_FlareStrength: 1
  m_FlareFadeSpeed: 3
  m_HaloTexture: {fileID: 0}
  m_SpotCookie: {fileID: 10001, guid: 0000000000000000e000000000000000, type: 0}
  m_DefaultReflectionMode: 0
  m_DefaultReflectionResolution: 128
  m_ReflectionBounces: 1
  m_ReflectionIntensity: 1
  m_CustomReflection: {fileID: 0}
  m_Sun: {fileID: 705507994}
  m_IndirectSpecularColor: {r: 0, g: 0, b: 0, a: 1}
  m_UseRadianceAmbientProbe: 0
--- !u!157 &3
LightmapSettings:
  m_ObjectHideFlags: 0
  serializedVersion: 11
  m_GIWorkflowMode: 0
  m_GISettings:
    serializedVersion: 2
    m_BounceScale: 1
    m_IndirectOutputScale: 1
    m_AlbedoBoost: 1
    m_EnvironmentLightingMode: 0
    m_EnableBakedLightmaps: 1
    m_EnableRealtimeLightmaps: 0
  m_LightmapEditorSettings:
    serializedVersion: 12
    m_Resolution: 2
    m_BakeResolution: 40
    m_AtlasSize: 1024
    m_AO: 0
    m_AOMaxDistance: 1
    m_CompAOExponent: 1
    m_CompAOExponentDirect: 0
    m_ExtractAmbientOcclusion: 0
    m_Padding: 2
    m_LightmapParameters: {fileID: 0}
    m_LightmapsBakeMode: 1
    m_TextureCompression: 1
    m_FinalGather: 0
    m_FinalGatherFiltering: 1
    m_FinalGatherRayCount: 256
    m_ReflectionCompression: 2
    m_MixedBakeMode: 2
    m_BakeBackend: 1
    m_PVRSampling: 1
    m_PVRDirectSampleCount: 32
    m_PVRSampleCount: 500
    m_PVRBounces: 2
    m_PVREnvironmentSampleCount: 500
    m_PVREnvironmentReferencePointCount: 2048
    m_PVRFilteringMode: 2
    m_PVRDenoiserTypeDirect: 0
    m_PVRDenoiserTypeIndirect: 0
    m_PVRDenoiserTypeAO: 0
    m_PVRFilterTypeDirect: 0
    m_PVRFilterTypeIndirect: 0
    m_PVRFilterTypeAO: 0
    m_PVREnvironmentMIS: 0
    m_PVRCulling: 1
    m_PVRFilteringGaussRadiusDirect: 1
    m_PVRFilteringGaussRadiusIndirect: 5
    m_PVRFilteringGaussRadiusAO: 2
    m_PVRFilteringAtrousPositionSigmaDirect: 0.5
    m_PVRFilteringAtrousPositionSigmaIndirect: 2
    m_PVRFilteringAtrousPositionSigmaAO: 1
    m_ExportTrainingData: 0
    m_TrainingDataDestination: TrainingData
    m_LightProbeSampleCountMultiplier: 4
  m_LightingDataAsset: {fileID: 0}
  m_UseShadowmask: 1
--- !u!196 &4
NavMeshSettings:
  serializedVersion: 2
  m_ObjectHideFlags: 0
  m_BuildSettings:
    serializedVersion: 2
    agentTypeID: 0
    agentRadius: 0.5
    agentHeight: 2
    agentSlope: 45
    agentClimb: 0.4
    ledgeDropHeight: 0
    maxJumpAcrossDistance: 0
    minRegionArea: 2
    manualCellSize: 0
    cellSize: 0.16666667
    manualTileSize: 0
    tileSize: 256
    accuratePlacement: 0
    debug:
      m_Flags: 0
  m_NavMeshData: {fileID: 0}
--- !u!1 &56149225
GameObject:
  m_ObjectHideFlags: 0
  m_CorrespondingSourceObject: {fileID: 0}
  m_PrefabInstance: {fileID: 0}
  m_PrefabAsset: {fileID: 0}
  serializedVersion: 6
  m_Component:
  - component: {fileID: 56149229}
  - component: {fileID: 56149228}
  - component: {fileID: 56149227}
  - component: {fileID: 56149226}
  m_Layer: 0
  m_Name: CloudContainer
  m_TagString: Untagged
  m_Icon: {fileID: 0}
  m_NavMeshLayer: 0
  m_StaticEditorFlags: 0
  m_IsActive: 1
--- !u!65 &56149226
BoxCollider:
  m_ObjectHideFlags: 0
  m_CorrespondingSourceObject: {fileID: 0}
  m_PrefabInstance: {fileID: 0}
  m_PrefabAsset: {fileID: 0}
  m_GameObject: {fileID: 56149225}
  m_Material: {fileID: 0}
  m_IsTrigger: 0
  m_Enabled: 0
  serializedVersion: 2
  m_Size: {x: 1, y: 1, z: 1}
  m_Center: {x: 0, y: 0, z: 0}
--- !u!23 &56149227
MeshRenderer:
  m_ObjectHideFlags: 0
  m_CorrespondingSourceObject: {fileID: 0}
  m_PrefabInstance: {fileID: 0}
  m_PrefabAsset: {fileID: 0}
  m_GameObject: {fileID: 56149225}
  m_Enabled: 0
  m_CastShadows: 1
  m_ReceiveShadows: 1
  m_DynamicOccludee: 1
  m_MotionVectors: 1
  m_LightProbeUsage: 1
  m_ReflectionProbeUsage: 1
  m_RayTracingMode: 2
  m_RenderingLayerMask: 1
  m_RendererPriority: 0
  m_Materials:
  - {fileID: 0}
  m_StaticBatchInfo:
    firstSubMesh: 0
    subMeshCount: 0
  m_StaticBatchRoot: {fileID: 0}
  m_ProbeAnchor: {fileID: 0}
  m_LightProbeVolumeOverride: {fileID: 0}
  m_ScaleInLightmap: 1
  m_ReceiveGI: 1
  m_PreserveUVs: 0
  m_IgnoreNormalsForChartDetection: 0
  m_ImportantGI: 0
  m_StitchLightmapSeams: 1
  m_SelectedEditorRenderState: 3
  m_MinimumChartSize: 4
  m_AutoUVMaxDistance: 0.5
  m_AutoUVMaxAngle: 89
  m_LightmapParameters: {fileID: 0}
  m_SortingLayerID: 0
  m_SortingLayer: 0
  m_SortingOrder: 0
--- !u!33 &56149228
MeshFilter:
  m_ObjectHideFlags: 0
  m_CorrespondingSourceObject: {fileID: 0}
  m_PrefabInstance: {fileID: 0}
  m_PrefabAsset: {fileID: 0}
  m_GameObject: {fileID: 56149225}
  m_Mesh: {fileID: 10202, guid: 0000000000000000e000000000000000, type: 0}
--- !u!4 &56149229
Transform:
  m_ObjectHideFlags: 0
  m_CorrespondingSourceObject: {fileID: 0}
  m_PrefabInstance: {fileID: 0}
  m_PrefabAsset: {fileID: 0}
  m_GameObject: {fileID: 56149225}
  m_LocalRotation: {x: 0, y: 0, z: 0, w: 1}
  m_LocalPosition: {x: 0, y: 16, z: 0}
  m_LocalScale: {x: 324.66, y: 4.8857613, z: 284.88788}
  m_Children: []
  m_Father: {fileID: 0}
  m_RootOrder: 2
  m_LocalEulerAnglesHint: {x: 0, y: 0, z: 0}
--- !u!1 &166402985 stripped
GameObject:
  m_CorrespondingSourceObject: {fileID: 2861429082141717015, guid: fe1e886453532654398b302d4dbef968,
    type: 3}
  m_PrefabInstance: {fileID: 1150194410}
  m_PrefabAsset: {fileID: 0}
--- !u!114 &166402987
MonoBehaviour:
  m_ObjectHideFlags: 0
  m_CorrespondingSourceObject: {fileID: 0}
  m_PrefabInstance: {fileID: 0}
  m_PrefabAsset: {fileID: 0}
  m_GameObject: {fileID: 166402985}
  m_Enabled: 1
  m_EditorHideFlags: 0
  m_Script: {fileID: 11500000, guid: bc885629489236d4b8c9be830c78eeed, type: 3}
  m_Name: 
  m_EditorClassIdentifier: 
  lightingType: 0
  sceneLight: {fileID: 705507994}
  phaseType: 0
  henyeyCoeff: 0.577
  henyeyRatio: 0
  henyeyIntensity: 2.5
  powderCoeff: 1
  powderAmount: 1
  powderIntensity: 2.7
  cloudIntensity: 1.3
  detailAmount: 0.308
  detailModifier: 1
  densityConstant: 1.42
  cloudMaxHeight: 0.711
  cloudHeightModifier: 0.516
  cloudBottomModifier: 0.2
  absorptionCoeff: 0.538
  tileSize: 50
  speed: 2
  color: {r: 1, g: 1, b: 1, a: 0}
  container: {fileID: 56149229}
  useBlueNoiseLight: 1
  useBlueNoiseRay: 1
  blueNoiseLightAmount: 0.5
  blueNoiseRayAmount: 2
  lightMarchSteps: 1
  lightMarchDecrease: 1
  rayMarchStepSize: 1.5
  rayMarchDecrease: 1
  temporalUpsampling: 0
  blendingCoeff: 0.505
  renderingMaterial: {fileID: 0}
  blendingMaterial: {fileID: 0}
  renderingShader: {fileID: 4800000, guid: 204f49c754aff6145b842588740fe3cd, type: 3}
  blendingShader: {fileID: 4800000, guid: a43238f2f11833a48a166a9338fcc530, type: 3}
--- !u!84 &562088884
RenderTexture:
  m_ObjectHideFlags: 0
  m_CorrespondingSourceObject: {fileID: 0}
  m_PrefabInstance: {fileID: 0}
  m_PrefabAsset: {fileID: 0}
  m_Name: 
  m_ImageContentsHash:
    serializedVersion: 2
    Hash: 00000000000000000000000000000000
  m_ForcedFallbackFormat: 4
  m_DownscaleFallback: 0
  serializedVersion: 3
  m_Width: 512
  m_Height: 512
  m_AntiAliasing: 1
  m_MipCount: -1
  m_DepthFormat: 0
  m_ColorFormat: 4
  m_MipMap: 0
  m_GenerateMips: 1
  m_SRGB: 1
  m_UseDynamicScale: 0
  m_BindMS: 0
  m_EnableCompatibleFormat: 1
  m_TextureSettings:
    serializedVersion: 2
    m_FilterMode: 1
    m_Aniso: 1
    m_MipBias: 0
    m_WrapU: 1
    m_WrapV: 1
    m_WrapW: 1
  m_Dimension: 2
  m_VolumeDepth: 1
--- !u!1 &705507993
GameObject:
  m_ObjectHideFlags: 0
  m_CorrespondingSourceObject: {fileID: 0}
  m_PrefabInstance: {fileID: 0}
  m_PrefabAsset: {fileID: 0}
  serializedVersion: 6
  m_Component:
  - component: {fileID: 705507995}
  - component: {fileID: 705507994}
  m_Layer: 0
  m_Name: Directional Light
  m_TagString: Untagged
  m_Icon: {fileID: 0}
  m_NavMeshLayer: 0
  m_StaticEditorFlags: 0
  m_IsActive: 1
--- !u!108 &705507994
Light:
  m_ObjectHideFlags: 0
  m_CorrespondingSourceObject: {fileID: 0}
  m_PrefabInstance: {fileID: 0}
  m_PrefabAsset: {fileID: 0}
  m_GameObject: {fileID: 705507993}
  m_Enabled: 1
  serializedVersion: 10
  m_Type: 1
  m_Shape: 0
  m_Color: {r: 1, g: 1, b: 1, a: 1}
  m_Intensity: 1
  m_Range: 10
  m_SpotAngle: 30
  m_InnerSpotAngle: 21.80208
  m_CookieSize: 10
  m_Shadows:
    m_Type: 2
    m_Resolution: -1
    m_CustomResolution: -1
    m_Strength: 1
    m_Bias: 0.05
    m_NormalBias: 0.4
    m_NearPlane: 0.2
    m_CullingMatrixOverride:
      e00: 1
      e01: 0
      e02: 0
      e03: 0
      e10: 0
      e11: 1
      e12: 0
      e13: 0
      e20: 0
      e21: 0
      e22: 1
      e23: 0
      e30: 0
      e31: 0
      e32: 0
      e33: 1
    m_UseCullingMatrixOverride: 0
  m_Cookie: {fileID: 0}
  m_DrawHalo: 0
  m_Flare: {fileID: 0}
  m_RenderMode: 0
  m_CullingMask:
    serializedVersion: 2
    m_Bits: 4294967295
  m_RenderingLayerMask: 1
  m_Lightmapping: 4
  m_LightShadowCasterMode: 0
  m_AreaSize: {x: 1, y: 1}
  m_BounceIntensity: 1
  m_ColorTemperature: 6570
  m_UseColorTemperature: 0
  m_BoundingSphereOverride: {x: 0, y: 0, z: 0, w: -1.3321604e+34}
  m_UseBoundingSphereOverride: 0
  m_ShadowRadius: 0
  m_ShadowAngle: 0
--- !u!4 &705507995
Transform:
  m_ObjectHideFlags: 0
  m_CorrespondingSourceObject: {fileID: 0}
  m_PrefabInstance: {fileID: 0}
  m_PrefabAsset: {fileID: 0}
  m_GameObject: {fileID: 705507993}
  m_LocalRotation: {x: 0.7071068, y: 0, z: 0, w: 0.7071068}
  m_LocalPosition: {x: 0, y: 100.1, z: 20}
  m_LocalScale: {x: 3.5139, y: 1, z: 1}
  m_Children: []
  m_Father: {fileID: 0}
  m_RootOrder: 1
  m_LocalEulerAnglesHint: {x: 90, y: 0, z: 0}
--- !u!84 &906847397
RenderTexture:
  m_ObjectHideFlags: 0
  m_CorrespondingSourceObject: {fileID: 0}
  m_PrefabInstance: {fileID: 0}
  m_PrefabAsset: {fileID: 0}
  m_Name: 
  m_ImageContentsHash:
    serializedVersion: 2
    Hash: 00000000000000000000000000000000
  m_ForcedFallbackFormat: 4
  m_DownscaleFallback: 0
  serializedVersion: 3
  m_Width: 128
  m_Height: 128
  m_AntiAliasing: 1
  m_MipCount: -1
  m_DepthFormat: 0
  m_ColorFormat: 24
  m_MipMap: 0
  m_GenerateMips: 1
  m_SRGB: 0
  m_UseDynamicScale: 0
  m_BindMS: 0
  m_EnableCompatibleFormat: 1
  m_TextureSettings:
    serializedVersion: 2
    m_FilterMode: 1
    m_Aniso: 1
    m_MipBias: 0
    m_WrapU: 1
    m_WrapV: 1
    m_WrapW: 1
  m_Dimension: 3
  m_VolumeDepth: 128
--- !u!1001 &1150194410
PrefabInstance:
  m_ObjectHideFlags: 0
  serializedVersion: 2
  m_Modification:
    m_TransformParent: {fileID: 0}
    m_Modifications:
    - target: {fileID: 2861429080617091206, guid: fe1e886453532654398b302d4dbef968,
        type: 3}
      propertyPath: m_Name
      value: Player (1)
      objectReference: {fileID: 0}
    - target: {fileID: 2861429080617091225, guid: fe1e886453532654398b302d4dbef968,
        type: 3}
      propertyPath: maxSpeed
      value: 60
      objectReference: {fileID: 0}
    - target: {fileID: 2861429080617091225, guid: fe1e886453532654398b302d4dbef968,
        type: 3}
      propertyPath: minSpeed
      value: 15
      objectReference: {fileID: 0}
    - target: {fileID: 2861429080617091225, guid: fe1e886453532654398b302d4dbef968,
        type: 3}
      propertyPath: walkSpeed
      value: 5
      objectReference: {fileID: 0}
    - target: {fileID: 2861429080617091225, guid: fe1e886453532654398b302d4dbef968,
        type: 3}
      propertyPath: boostSpeed
      value: 90
      objectReference: {fileID: 0}
    - target: {fileID: 2861429080617091225, guid: fe1e886453532654398b302d4dbef968,
        type: 3}
      propertyPath: cameraSensitivity
      value: 2
      objectReference: {fileID: 0}
    - target: {fileID: 2861429080617091226, guid: fe1e886453532654398b302d4dbef968,
        type: 3}
      propertyPath: m_RootOrder
      value: 4
      objectReference: {fileID: 0}
    - target: {fileID: 2861429080617091226, guid: fe1e886453532654398b302d4dbef968,
        type: 3}
      propertyPath: m_LocalPosition.x
      value: 8.03
      objectReference: {fileID: 0}
    - target: {fileID: 2861429080617091226, guid: fe1e886453532654398b302d4dbef968,
        type: 3}
      propertyPath: m_LocalPosition.y
      value: 29.89
      objectReference: {fileID: 0}
    - target: {fileID: 2861429080617091226, guid: fe1e886453532654398b302d4dbef968,
        type: 3}
      propertyPath: m_LocalPosition.z
      value: 44.08
      objectReference: {fileID: 0}
    - target: {fileID: 2861429080617091226, guid: fe1e886453532654398b302d4dbef968,
        type: 3}
      propertyPath: m_LocalRotation.w
      value: 1
      objectReference: {fileID: 0}
    - target: {fileID: 2861429080617091226, guid: fe1e886453532654398b302d4dbef968,
        type: 3}
      propertyPath: m_LocalRotation.x
      value: 0
      objectReference: {fileID: 0}
    - target: {fileID: 2861429080617091226, guid: fe1e886453532654398b302d4dbef968,
        type: 3}
      propertyPath: m_LocalRotation.y
      value: 0
      objectReference: {fileID: 0}
    - target: {fileID: 2861429080617091226, guid: fe1e886453532654398b302d4dbef968,
        type: 3}
      propertyPath: m_LocalRotation.z
      value: 0
      objectReference: {fileID: 0}
    - target: {fileID: 2861429080617091226, guid: fe1e886453532654398b302d4dbef968,
        type: 3}
      propertyPath: m_LocalEulerAnglesHint.x
      value: 0
      objectReference: {fileID: 0}
    - target: {fileID: 2861429080617091226, guid: fe1e886453532654398b302d4dbef968,
        type: 3}
      propertyPath: m_LocalEulerAnglesHint.y
      value: 0
      objectReference: {fileID: 0}
    - target: {fileID: 2861429080617091226, guid: fe1e886453532654398b302d4dbef968,
        type: 3}
      propertyPath: m_LocalEulerAnglesHint.z
      value: 0
      objectReference: {fileID: 0}
    - target: {fileID: 2861429081907979502, guid: fe1e886453532654398b302d4dbef968,
        type: 3}
      propertyPath: m_LocalPosition.z
      value: -0.57
      objectReference: {fileID: 0}
    - target: {fileID: 2861429082141717096, guid: fe1e886453532654398b302d4dbef968,
        type: 3}
      propertyPath: m_TargetDisplay
      value: 1
      objectReference: {fileID: 0}
    m_RemovedComponents: []
  m_SourcePrefab: {fileID: 100100000, guid: fe1e886453532654398b302d4dbef968, type: 3}
--- !u!1 &1340083851
GameObject:
  m_ObjectHideFlags: 0
  m_CorrespondingSourceObject: {fileID: 0}
  m_PrefabInstance: {fileID: 0}
  m_PrefabAsset: {fileID: 0}
  serializedVersion: 6
  m_Component:
  - component: {fileID: 1340083853}
  - component: {fileID: 1340083852}
  m_Layer: 0
  m_Name: NoiseGenerator
  m_TagString: Untagged
  m_Icon: {fileID: 0}
  m_NavMeshLayer: 0
  m_StaticEditorFlags: 0
  m_IsActive: 1
--- !u!114 &1340083852
MonoBehaviour:
  m_ObjectHideFlags: 0
  m_CorrespondingSourceObject: {fileID: 0}
  m_PrefabInstance: {fileID: 0}
  m_PrefabAsset: {fileID: 0}
  m_GameObject: {fileID: 1340083851}
  m_Enabled: 1
  m_EditorHideFlags: 0
  m_Script: {fileID: 11500000, guid: 87f3dd5ed707f76439a8a381c9320a3b, type: 3}
  m_Name: 
  m_EditorClassIdentifier: 
  shapeNoiseResolution: 128
  detailNoiseResolution: 32
  weatherMapResolution: 512
  NoiseTextureGenerator: {fileID: 7200000, guid: d3f22e70ad025f544ae493664e4f1e44,
    type: 3}
  slicer: {fileID: 7200000, guid: a60837efe51cbc742afd865d8fea6fbf, type: 3}
  weatherMap: {fileID: 562088884}
  detailTexture: {fileID: 1873717842}
  shapeTexture: {fileID: 906847397}
  shapePerlinTextureResolution: 64
  shapePerlinOctaves: 1
  shapePerlinPersistence: 0.785
  shapePerlinLacunarity: 0
  shapePerlinFrequency: 2
  shapeGreenChannelOctaves: 1
  shapeBlueChannelOctaves: 1
  shapeAlphaChannelOctaves: 1
  shapeGreenChannelCellSize: 32
  shapeBlueChannelCellSize: 64
  shapeAlphaChannelCellSize: 64
  detailGreenChannelOctaves: 5
  detailBlueChannelOctaves: 2
  detailRedChannelOctaves: 1
  detailGreenChannelCellSize: 4
  detailBlueChannelCellSize: 16
  detailRedChannelCellSize: 8
  coveragePerlinTextureResolution: 256
  coveragePerlinOctaves: 2
  coveragePerlinPersistence: 0.6
  coveragePerlinLacunarity: 0
  coveragePerlinFrequency: 1
  coverageOption: 1
  coverageConstant: 0.53
  cloudHeight: 726
  cloudType: 0.8
--- !u!4 &1340083853
Transform:
  m_ObjectHideFlags: 0
  m_CorrespondingSourceObject: {fileID: 0}
  m_PrefabInstance: {fileID: 0}
  m_PrefabAsset: {fileID: 0}
  m_GameObject: {fileID: 1340083851}
  m_LocalRotation: {x: 0, y: 0, z: 0, w: 1}
  m_LocalPosition: {x: 0, y: 52.3, z: 0}
  m_LocalScale: {x: 1, y: 1, z: 1}
  m_Children: []
  m_Father: {fileID: 0}
  m_RootOrder: 0
  m_LocalEulerAnglesHint: {x: 0, y: 0, z: 0}
--- !u!1001 &1426734138
PrefabInstance:
  m_ObjectHideFlags: 0
  serializedVersion: 2
  m_Modification:
    m_TransformParent: {fileID: 2146657486}
    m_Modifications:
    - target: {fileID: -8679921383154817045, guid: e8145d2524b5543f78cc4497fa5c4a8d,
        type: 3}
      propertyPath: m_RootOrder
      value: 0
      objectReference: {fileID: 0}
    - target: {fileID: -8679921383154817045, guid: e8145d2524b5543f78cc4497fa5c4a8d,
        type: 3}
      propertyPath: m_LocalPosition.x
      value: -0
      objectReference: {fileID: 0}
    - target: {fileID: -8679921383154817045, guid: e8145d2524b5543f78cc4497fa5c4a8d,
        type: 3}
      propertyPath: m_LocalPosition.y
      value: 0
      objectReference: {fileID: 0}
    - target: {fileID: -8679921383154817045, guid: e8145d2524b5543f78cc4497fa5c4a8d,
        type: 3}
      propertyPath: m_LocalPosition.z
      value: 0
      objectReference: {fileID: 0}
    - target: {fileID: -8679921383154817045, guid: e8145d2524b5543f78cc4497fa5c4a8d,
        type: 3}
      propertyPath: m_LocalRotation.w
      value: 0.7071068
      objectReference: {fileID: 0}
    - target: {fileID: -8679921383154817045, guid: e8145d2524b5543f78cc4497fa5c4a8d,
        type: 3}
      propertyPath: m_LocalRotation.x
      value: -0.7071068
      objectReference: {fileID: 0}
    - target: {fileID: -8679921383154817045, guid: e8145d2524b5543f78cc4497fa5c4a8d,
        type: 3}
      propertyPath: m_LocalRotation.y
      value: 0
      objectReference: {fileID: 0}
    - target: {fileID: -8679921383154817045, guid: e8145d2524b5543f78cc4497fa5c4a8d,
        type: 3}
      propertyPath: m_LocalRotation.z
      value: -0
      objectReference: {fileID: 0}
    - target: {fileID: -8679921383154817045, guid: e8145d2524b5543f78cc4497fa5c4a8d,
        type: 3}
      propertyPath: m_LocalEulerAnglesHint.x
      value: 0
      objectReference: {fileID: 0}
    - target: {fileID: -8679921383154817045, guid: e8145d2524b5543f78cc4497fa5c4a8d,
        type: 3}
      propertyPath: m_LocalEulerAnglesHint.y
      value: 0
      objectReference: {fileID: 0}
    - target: {fileID: -8679921383154817045, guid: e8145d2524b5543f78cc4497fa5c4a8d,
        type: 3}
      propertyPath: m_LocalEulerAnglesHint.z
      value: 0
      objectReference: {fileID: 0}
    - target: {fileID: 919132149155446097, guid: e8145d2524b5543f78cc4497fa5c4a8d,
        type: 3}
      propertyPath: m_Name
      value: island5
      objectReference: {fileID: 0}
    m_RemovedComponents: []
  m_SourcePrefab: {fileID: 100100000, guid: e8145d2524b5543f78cc4497fa5c4a8d, type: 3}
--- !u!4 &1426734139 stripped
Transform:
  m_CorrespondingSourceObject: {fileID: -8679921383154817045, guid: e8145d2524b5543f78cc4497fa5c4a8d,
    type: 3}
  m_PrefabInstance: {fileID: 1426734138}
  m_PrefabAsset: {fileID: 0}
--- !u!1 &1426734140 stripped
GameObject:
  m_CorrespondingSourceObject: {fileID: 919132149155446097, guid: e8145d2524b5543f78cc4497fa5c4a8d,
    type: 3}
  m_PrefabInstance: {fileID: 1426734138}
  m_PrefabAsset: {fileID: 0}
--- !u!64 &1426734141
MeshCollider:
  m_ObjectHideFlags: 0
  m_CorrespondingSourceObject: {fileID: 0}
  m_PrefabInstance: {fileID: 0}
  m_PrefabAsset: {fileID: 0}
  m_GameObject: {fileID: 1426734140}
  m_Material: {fileID: 0}
  m_IsTrigger: 0
  m_Enabled: 1
  serializedVersion: 4
  m_Convex: 0
  m_CookingOptions: 30
  m_Mesh: {fileID: 289301614986012343, guid: e8145d2524b5543f78cc4497fa5c4a8d, type: 3}
--- !u!1 &1449927827
GameObject:
  m_ObjectHideFlags: 0
  m_CorrespondingSourceObject: {fileID: 0}
  m_PrefabInstance: {fileID: 0}
  m_PrefabAsset: {fileID: 0}
  serializedVersion: 6
  m_Component:
  - component: {fileID: 1449927828}
  m_Layer: 0
  m_Name: Island6
  m_TagString: Untagged
  m_Icon: {fileID: 0}
  m_NavMeshLayer: 0
  m_StaticEditorFlags: 0
  m_IsActive: 1
--- !u!4 &1449927828
Transform:
  m_ObjectHideFlags: 0
  m_CorrespondingSourceObject: {fileID: 0}
  m_PrefabInstance: {fileID: 0}
  m_PrefabAsset: {fileID: 0}
  m_GameObject: {fileID: 1449927827}
  m_LocalRotation: {x: -0, y: 0.18357319, z: -0, w: 0.98300606}
  m_LocalPosition: {x: 17.2, y: 21.8, z: 37.3}
  m_LocalScale: {x: 1, y: 1, z: 1}
  m_Children:
  - {fileID: 2146657486}
  m_Father: {fileID: 0}
  m_RootOrder: 3
  m_LocalEulerAnglesHint: {x: 0, y: 21.156, z: 0}
--- !u!84 &1873717842
RenderTexture:
  m_ObjectHideFlags: 0
  m_CorrespondingSourceObject: {fileID: 0}
  m_PrefabInstance: {fileID: 0}
  m_PrefabAsset: {fileID: 0}
  m_Name: 
  m_ImageContentsHash:
    serializedVersion: 2
    Hash: 00000000000000000000000000000000
  m_ForcedFallbackFormat: 4
  m_DownscaleFallback: 0
  serializedVersion: 3
  m_Width: 32
  m_Height: 32
  m_AntiAliasing: 1
  m_MipCount: -1
  m_DepthFormat: 0
  m_ColorFormat: 24
  m_MipMap: 0
  m_GenerateMips: 1
  m_SRGB: 1
  m_UseDynamicScale: 0
  m_BindMS: 0
  m_EnableCompatibleFormat: 1
  m_TextureSettings:
    serializedVersion: 2
    m_FilterMode: 1
    m_Aniso: 1
    m_MipBias: 0
    m_WrapU: 1
    m_WrapV: 1
    m_WrapW: 1
  m_Dimension: 3
  m_VolumeDepth: 32
--- !u!1 &2146657485
GameObject:
  m_ObjectHideFlags: 0
  m_CorrespondingSourceObject: {fileID: 0}
  m_PrefabInstance: {fileID: 0}
  m_PrefabAsset: {fileID: 0}
  serializedVersion: 6
  m_Component:
  - component: {fileID: 2146657486}
  m_Layer: 0
  m_Name: Base
  m_TagString: Untagged
  m_Icon: {fileID: 0}
  m_NavMeshLayer: 0
  m_StaticEditorFlags: 0
  m_IsActive: 1
--- !u!4 &2146657486
Transform:
  m_ObjectHideFlags: 0
  m_CorrespondingSourceObject: {fileID: 0}
  m_PrefabInstance: {fileID: 0}
  m_PrefabAsset: {fileID: 0}
  m_GameObject: {fileID: 2146657485}
  m_LocalRotation: {x: 0, y: 0, z: 0, w: 1}
  m_LocalPosition: {x: 0, y: 0, z: 6.6}
  m_LocalScale: {x: 2.5, y: 2, z: 2.5}
  m_Children:
  - {fileID: 1426734139}
  m_Father: {fileID: 1449927828}
  m_RootOrder: 0
  m_LocalEulerAnglesHint: {x: 0, y: 0, z: 0}
